%% LaTeX2e file `mybib.bib'
%% generated by the `filecontents' environment
%% from source `"2017011507_陳昱宏_Ros Programming"' on 2020/03/14.
%%
    @unpublished{Survey2014,
        title={Survey on the access to
    finance of enterprises},
        author={Sophie Doove and Petra Gibcus and
    Ton Kwaak and Lia Smit and Tommy Span},
        year=2014,
        note ={Accessed 16 June 2017.  \href{https://blog.csdn.net/u010647296/article/details/83143946?depth\_1-utm\_source=distribute.pc\_relevant.none-task&utm\_source=distribute.pc\_relevant.none-task}},
    }
